<record><leader>00000cas a22000007a 4500</leader><controlfield tag="001">11180465</controlfield><controlfield tag="008">840921d18171817nyucr ne      0    0eng d</controlfield><datafield ind1=" " ind2=" " tag="010"><subfield code="a">sn 84024336 </subfield></datafield><datafield ind1=" " ind2=" " tag="040"><subfield code="a">NPV</subfield><subfield code="b">eng</subfield><subfield code="c">NPV</subfield><subfield code="d">NPX</subfield><subfield code="d">NYS</subfield><subfield code="d">OCL</subfield><subfield code="d">OCLCG</subfield><subfield code="d">OCLCF</subfield><subfield code="d">OCLCO</subfield></datafield><datafield ind1=" " ind2=" " tag="042"><subfield code="a">msc</subfield></datafield><datafield ind1="0" ind2="4" tag="245"><subfield code="a">The Albany gazette, for the country.</subfield></datafield><datafield ind1=" " ind2=" " tag="260"><subfield code="a">Albany [N.Y.] :</subfield><subfield code="b">William L. Stone, for Websters, Skinners &amp; Co.,</subfield><subfield code="c">1817.</subfield></datafield><datafield ind1=" " ind2=" " tag="300"><subfield code="a">1 no.</subfield></datafield><datafield ind1=" " ind2=" " tag="310"><subfield code="a">Semiweekly</subfield></datafield><datafield ind1="0" ind2=" " tag="362"><subfield code="a">Vol. 34, no. 3166 (Mar. 27, 1817).</subfield></datafield><datafield ind1=" " ind2=" " tag="500"><subfield code="a">Printer: Theodore V.W. Gould.</subfield></datafield><datafield ind1="4" ind2=" " tag="510"><subfield code="a">Brigham, C.S.  Amer. newspapers,</subfield><subfield code="c">p. 532</subfield></datafield><datafield ind1=" " ind2="0" tag="651"><subfield code="a">Albany (N.Y.)</subfield><subfield code="v">Newspapers.</subfield></datafield><datafield ind1=" " ind2="7" tag="655"><subfield code="a">Newspapers.</subfield><subfield code="2">fast</subfield><subfield code="0">(OCoLC)fst01423814</subfield></datafield><datafield ind1=" " ind2="7" tag="651"><subfield code="a">New York (State)</subfield><subfield code="z">Albany.</subfield><subfield code="2">fast</subfield><subfield code="0">(OCoLC)fst01225716</subfield></datafield><datafield ind1="1" ind2=" " tag="700"><subfield code="a">Stone, William L.</subfield><subfield code="q">(William Leete),</subfield><subfield code="d">1792-1844.</subfield></datafield><datafield ind1="1" ind2=" " tag="700"><subfield code="a">Webster, Charles Richard,</subfield><subfield code="d">1762-1834.</subfield></datafield><datafield ind1="1" ind2=" " tag="700"><subfield code="a">Webster, George,</subfield><subfield code="d">1762-1823.</subfield></datafield><datafield ind1="1" ind2=" " tag="700"><subfield code="a">Skinner, Elisha Webster,</subfield><subfield code="d">1780-1863.</subfield></datafield><datafield ind1="1" ind2=" " tag="700"><subfield code="a">Skinner, Hezekiah,</subfield><subfield code="d">1784-1833.</subfield></datafield><datafield ind1="1" ind2=" " tag="700"><subfield code="a">Skinner, Daniel,</subfield><subfield code="d">1788-1828.</subfield></datafield><datafield ind1="1" ind2=" " tag="700"><subfield code="a">Gould, Theodore V. W.</subfield></datafield><datafield ind1=" " ind2=" " tag="752"><subfield code="a">United States</subfield><subfield code="b">New York</subfield><subfield code="c">Albany</subfield><subfield code="d">Albany.</subfield></datafield><datafield ind1="0" ind2=" " tag="775"><subfield code="t">Albany gazette &amp; daily advertiser</subfield><subfield code="w">(DLC)sn 83030881</subfield></datafield><datafield ind1="0" ind2="0" tag="785"><subfield code="t">Albany gazette (Albany, N.Y. : 1817)</subfield><subfield code="w">(DLC)sn 83030890</subfield></datafield></record>